@book{convexOptimization,
	author = {Stephen Boyd, Lieven Vandenberghe},
	title = {Convex Optimization},
	pages = {416-418},
	chapter = {8},
	year = {2004},
	publisher = {Cambridge University Press},
	isbn = {978-0-521-83378-3},
	URL = {https://web.stanford.edu/~boyd/cvxbook/bv_cvxbook.pdf#page=430}
}

@book{ParametricOptimization,
	author = {Dan Amir},
	title = {Best simultaneous approximation (Chebyshev centers)},
	pages = {19-35},
	chapter = {2},
	year = {1984},
	publisher = {Birkh√§user Basel},
	volume = {11},
	series = {International Series of Numerical Mathematics},
	isbn = {9783034862554}
}
